@online{WEB:GNU:GPL:2010,
	Author = {{Free Software Foundation, Inc.}},
	Title = {GNU General Public License},
	Url = {http://www.gnu.org/licenses/gpl.html},
	Urldate = {2011-05-27},
	Year = {2010}}

@online{WEB:Miede:2011,
	Author = {Andr{\'e} Miede},
	Title = {A Classic Thesis Style by Andr{\'e} Miede},
	Url = {http://www.miede.de/index.php?page=classicthesis},
	Urldate = {2011-05-27},
	Year = {2011}}

@book{Jurgens:2000,
	Author = {Manuela J{\"u}rgens},
	Publisher = {FernUniversit{\"a}t Gesamthochschule in Hagen},
	Title = {LaTeX: eine Einf{\"u}hrung und ein bisschen mehr},
	Year = {2000}}

@book{Jurgens:1995,
	Author = {Manuela J{\"u}rgens},
	Publisher = {FernUniversit{\"a}t Gesamthochschule in Hagen},
	Title = {LaTeX: Fortgeschrittene Anwendungen},
	Year = {1995}}

@manual{Miede:2011,
	Author = {Andr{\'e} Miede},
	Title = {A Classic Thesis Style: An Homage to The Elements of Typographic Style},
	Year = {2011}}

@book{Kohm:2011,
	Author = {Markus Kohm and Jens-Uwe-Morawski},
	Title = {KOMA-Script: Die Anleitung},
	Year = {2011}}

@book{Apple:keynote:2010,
	Author = {{Apple Inc.}},
	Publisher = {{Apple Inc.}},
	Title = {Keynote '09 User Guide},
	Year = {2010}}

@book{Apple:numbers:2010,
	Author = {{Apple Inc.}},
	Publisher = {{Apple Inc.}},
	Title = {Numbers '09 User Guide},
	Year = {2010}}

@book{Apple:pages:2010,
	Author = {{Apple Inc.}},
	Publisher = {{Apple Inc.}},
	Title = {Pages '09 User Guide},
	Year = {2010}}

%chapter1

@article{ametrano2013everything,
title={Everything you always wanted to know about multiple interest rate curve bootstrapping but were afraid to ask},
author={Ametrano, Ferdinando M and Bianchetti, Marco},
journal={Available at SSRN 2219548},
year={2013}
}

@article{andersen2007discount,
title={Discount curve construction with tension splines},
author={Andersen, Leif},
journal={Review of Derivatives Research},
volume={10},
number={3},
pages={227--267},
year={2007},
publisher={Springer}
}

@book{andersen2010interest,
title={Interest rate modeling},
author={Andersen, Leif BG and Piterbarg, Vladimir V},
year={2010},
publisher={Atlantic Financial Press}
}


@article{bjork1999interest,
title={Interest rate dynamics and consistent forward rate curves},
author={Bj{\"o}rk, Tomas and Christensen, Bent Jesper},
journal={Mathematical Finance},
volume={9},
pages={323--348},
year={1999}
}

@article{bliss1997,
title={Testing Term Structure Estimation Methods},
author={Bliss, Robert R},
journal={Advances in Futures and Options Research},
volume={9},
pages={197--231},
year={1997}
}

@book{brigo2007interest,
title={Interest rate models-theory and practice: with smile, inflation and credit},
author={Brigo, Damiano and Mercurio, Fabio},
year={2007},
publisher={Springer Science \& Business Media}
}

@article{CFOForum2010,
title={QIS 5 Technical Specification Risk-free interest rates},
author={CFOForum and CROForum},
year={2010}
}

@article{christensen2011affine,
title={The affine arbitrage-free class of Nelson--Siegel term structure models},
author={Christensen, Jens HE and Diebold, Francis X and Rudebusch, Glenn D},
journal={Journal of Econometrics},
volume={164},
number={1},
pages={4--20},
year={2011},
publisher={Elsevier}
}

@article{diebold2006forecasting,
title={Forecasting the term structure of government bond yields},
author={Diebold, Francis X and Li, Canlin},
journal={Journal of econometrics},
volume={130},
number={2},
pages={337--364},
year={2006},
publisher={Elsevier}
}


@book{diebold2013yield,
title={Yield Curve Modeling and Forecasting: The Dynamic Nelson-Siegel Approach},
author={Diebold, Francis X and Rudebusch, Glenn D},
year={2013},
publisher={Princeton University Press}
}

@article{duffie1996yield,
title={A yield-factor model of interest rates},
author={Duffie, Darrell and Kan, Rui},
journal={Mathematical finance},
volume={6},
number={4},
pages={379--406},
year={1996},
publisher={Wiley Online Library}
}

@article{EIOPA2015,
title={Technical documentation of the methodology to derive EIOPA’s risk-
free interest rate term structures},
author={EIOPA},
journal={https://eiopa.europa.eu/Publications},
year={2015}
}

@article{hagan2006interpolation,
title={Interpolation methods for curve construction},
author={Hagan, Patrick S and West, Graeme},
journal={Applied Mathematical Finance},
volume={13},
number={2},
pages={89--129},
year={2006},
publisher={Taylor \& Francis}
}


@article{harrison1981martingales,
title={Martingales and stochastic integrals in the theory of continuous trading},
author={Harrison, J Michael and Pliska, Stanley R},
journal={Stochastic processes and their applications},
volume={11},
number={3},
pages={215--260},
year={1981},
publisher={Elsevier}
}

@article{Hull1990,
Author = {Hull, J. and White, A.},
Date-Added = {2014-03-04 15:34:10 +0100},
Date-Modified = {2014-03-04 15:35:58 +0100},
Journal = {The Review of Financial Studies},
Number = {4},
Pages = {573-592},
Title = {Pricing interest-rate derivative securities},
Volume = {3},
Year = {1990}}

@article{Hull1994,
Author = {Hull, J. and White, A.},
Journal = {Risk},
Number = {7},
Pages = {34-37},
Title = {Branching out},
Year = {1994}}

@article{hull2012fva,
title={The FVA debate},
author={Hull, John and White, Alan},
journal={Risk magazine},
volume={25},
number={8},
pages={83--85},
year={2012}
}

@article{hyndman2007robust,
title={Robust forecasting of mortality and fertility rates: a functional data approach},
author={Hyndman, Rob J and Ullah, Md Shahid},
journal={Computational Statistics \& Data Analysis},
volume={51},
number={10},
pages={4942--4956},
year={2007},
publisher={Elsevier}
}

@article{hyndman2008automatic,
title={Automatic time series forecasting: The forecast Package for R},
author={Hyndman, Robin and Khandakar, Yeasmin},
journal={Journal of Statistical Software},
volume={27},
number={3},
pages={1--22},
year={2008},
publisher={University of California, Los Angeles, Department of Statistics}
}


@Manual{forecast2015,
title = {{forecast}: Forecasting functions for time series and
linear models},
author = {Rob J Hyndman},
year = {2015},
note = {R package version 6.2},
url = {http://github.com/robjhyndman/forecast},
}

@article{jarrow2014forward,
title={Forward Rate Curve Smoothing},
author={Jarrow, Robert A},
journal={Annu. Rev. Financ. Econ.},
volume={6},
number={1},
pages={443--458},
year={2014},
publisher={Annual Reviews}
}

@article{litterman1991volatility,
title={Volatility and the yield curve},
author={Litterman, Robert B and Scheinkman, Jos{\'e} and Weiss, Laurence},
journal={The Journal of Fixed Income},
volume={1},
number={1},
pages={49--53},
year={1991},
publisher={Institutional Investor Journals}
}

@article{martellini2003fixed,
title={Fixed-income securities},
author={Martellini, Lionel and Priaulet, Philippe and Priaulet, St{\'e}phane},
journal={West Sussex, Jonh Wiley \& Sons},
year={2003}
}

@article{nelson1987parsimonious,
title={Parsimonious modeling of yield curves},
author={Nelson, Charles R and Siegel, Andrew F},
journal={Journal of business},
pages={473--489},
year={1987},
publisher={JSTOR}
}

@article{pfaff2008,
title = {VAR, SVAR and SVEC Models: Implementation Within {R}
Package {vars}},
author = {Bernhard Pfaff},
journal = {Journal of Statistical Software},
year = {2008},
volume = {27},
number = {4},
url = {http://www.jstatsoft.org/v27/i04/},
}

@article{ramsay1991some,
title={Some tools for functional data analysis},
author={Ramsay, James O and Dalzell, CJ},
journal={Journal of the Royal Statistical Society. Series B (Methodological)},
pages={539--572},
year={1991},
publisher={JSTOR}
}

@incollection{ramsay2005springer,
title={Springer Series in Statistics},
author={Ramsay, JO and Silverman, BW},
booktitle={Functional data analysis},
year={2005},
publisher={Springer}
}


@techreport{svensson1994estimating,
title={Estimating and interpreting forward interest rates: Sweden 1992-1994},
author={Svensson, Lars EO},
year={1994},
institution={National Bureau of Economic Research}
}

@article{smithwilson2001,
title={Fitting yield curves with long term constraints},
author={Smith, A and Wilson, T},
journal={London: Bacon and Woodrow},
year={2001}
}

@article{vasicek1982term,
title={Term structure modeling using exponential splines},
author={Vasicek, Oldrich A and Fong, H Gifford},
journal={Journal of finance},
pages={339--348},
year={1982},
publisher={JSTOR}
}

@article{white2012multiple,
title={Multiple Curve Construction},
author={White, Richard},
journal={Quantitative research, OpenGamma},
year={2012}
}

@book{wuethrich2010market,
title={Market-consistent actuarial valuation},
author={W{\"u}thrich, Mario and B{\"u}hlmann, Hans and Furrer, Hansj{\"o}rg},
year={2010},
publisher={Springer Science \& Business Media}
}

%chapter2

@article{bergmeir2015note,
title={A Note on the Validity of Cross-Validation for Evaluating Time Series Prediction},
author={Bergmeir, Christoph and Hyndman, Rob J and Koo, Bonsoo and others},
journal={Monash University, Department of Econometrics and Business Statistics, Tech. Rep.},
year={2015},
}

@article{bonnin2015retraite,
title={Un mod\`ele de projection pour des contrats de retraite dans le cadre de l'ORSA},
author={Bonnin, F and Combes, F and Planchet, F and Tammar, M},
journal={Bulletin Français d’Actuariat},
volume={14},
pages={107--129},
year={2015},
}

@inproceedings{boyle1997quasi,
title={Quasi-Monte Carlo methods},
author={Boyle, Phelim P and Tan, Ken Seng},
booktitle={International AFIR Colloquium Proceedings, Australia},
volume={1},
pages={1--24},
year={1997}
}


@incollection{caruana1998multitask,
title={Multitask learning},
author={Caruana, Rich},
booktitle={Learning to learn},
pages={95--133},
year={1998},
publisher={Springer}
}

@article{chakraborty1992forecasting,
title={Forecasting the behavior of multivariate time series using neural networks},
author={Chakraborty, Kanad and Mehrotra, Kishan and Mohan, Chilukuri K and Ranka, Sanjay},
journal={Neural networks},
volume={5},
number={6},
pages={961--970},
year={1992},
publisher={Elsevier}
}


@book{cormen2009introduction,
title={Introduction to algorithms},
author={Cormen, Thomas H},
year={2009},
publisher={MIT press}
}

@article{dehuri2010comprehensive,
title={A comprehensive survey on functional link neural networks and an adaptive PSO--BP learning for CFLNN},
author={Dehuri, Satchidananda and Cho, Sung-Bae},
journal={Neural Computing and Applications},
volume={19},
number={2},
pages={187--205},
year={2010},
publisher={Springer}
}

@manual{dutang2015,
title = {randtoolbox: Generating and Testing Random Numbers},
author = {Dutang, Christophe and Savicky, Petr},
year = {2015},
note = {R package version 1.17},
}

@article{exterkate2016nonlinear,
title={Nonlinear forecasting with many predictors using kernel ridge regression},
author={Exterkate, Peter and Groenen, Patrick JF and Heij, Christiaan and van Dijk, Dick},
journal={International Journal of Forecasting},
volume={32},
number={3},
pages={736--753},
year={2016},
publisher={Elsevier}
}

@article{greene2000econometric,
title={Econometric analysis 4th edition},
author={Greene, William H},
journal={International edition, New Jersey: Prentice Hall},
year={2000}
}

@book{harville2008matrix,
title={Matrix Algebra From a Statistician’s Perspective},
author={Harville, David A},
year={2008},
publisher={Springer}
}

@article{hochreiter1997long,
title={Long short-term memory},
author={Hochreiter, Sepp and Schmidhuber, J{\"u}rgen},
journal={Neural computation},
volume={9},
number={8},
pages={1735--1780},
year={1997},
publisher={MIT Press}
}

@article{hoerl1970ridge,
title={Ridge regression: Biased estimation for nonorthogonal problems},
author={Hoerl, Arthur E and Kennard, Robert W},
journal={Technometrics},
volume={12},
number={1},
pages={55--67},
year={1970},
publisher={Taylor \& Francis Group}
}

@technicalreport{joe2008sobol,
title={Notes on generating Sobol sequences},
author={Joe, S and Kuo, F},
journal={web.maths.unsw.edu.au},
year={2008},
publisher={web.maths.unsw.edu.au},
howpublished = {\url{http://web.maths.unsw.edu.au/~fkuo/sobol/joe-kuo-notes.pdf}}
}


@book{lutkepohl2005new,
title={New introduction to multiple time series analysis},
author={L{\"u}tkepohl, Helmut},
year={2005},
publisher={Springer Science \& Business Media}
}

@book{niederreiter1992random,
title={Random number generation and quasi-Monte Carlo methods},
author={Niederreiter, Harald},
year={1992},
publisher={SIAM}
}

@book{pankratz2012forecasting,
title={Forecasting with dynamic regression models},
author={Pankratz, Alan},
volume={935},
year={2012},
publisher={John Wiley \& Sons}
}

@article{pao1994learning,
title={Learning and generalization characteristics of the random vector functional-link net},
author={Pao, Yoh-Han and Park, Gwang-Hoon and Sobajic, Dejan J},
journal={Neurocomputing},
volume={6},
number={2},
pages={163--180},
year={1994},
publisher={Elsevier}
}

@inproceedings{penrose1955generalized,
title={A generalized inverse for matrices},
author={Penrose, Roger},
booktitle={Mathematical proceedings of the Cambridge philosophical society},
volume={51},
number={03},
pages={406--413},
year={1955},
organization={Cambridge Univ Press}
}

@article{pfaff2008var,
title={VAR, SVAR and SVEC models: Implementation within R package vars},
author={Pfaff, Bernhard and others},
journal={Journal of Statistical Software},
volume={27},
number={4},
pages={1--32},
year={2008}
}


@article{ren2016random,
title={Random vector functional link network for short-term electricity load demand forecasting},
author={Ren, Ye and Suganthan, PN and Srikanth, N and Amaratunga, Gehan},
journal={Information Sciences},
volume={367},
pages={1078--1093},
year={2016},
publisher={Elsevier}
}

@inproceedings{rumelhart1988learning,
title={Learning internal representations by error propagation},
author={Rumelhart, DE and Hinton, GE and Williams, RJ},
booktitle={Neurocomputing: foundations of research},
pages={673--695},
year={1988},
organization={MIT Press}
}


@inproceedings{schmidt1992feedforward,
title={Feedforward neural networks with random weights},
author={Schmidt, Wouter F and Kraaijveld, Martin A and Duin, Robert PW},
booktitle={Pattern Recognition, 1992. Vol. II. Conference B: Pattern Recognition Methodology and Systems, Proceedings., 11th IAPR International Conference on},
pages={1--4},
year={1992},
organization={IEEE}
}

@book{wickham2016ggplot2,
title={ggplot2: elegant graphics for data analysis},
author={Wickham, Hadley},
year={2016},
publisher={Springer}
}

@article{zhang2016comprehensive,
title={A comprehensive evaluation of random vector functional link networks},
author={Zhang, Le and Suganthan, PN},
journal={Information Sciences},
volume={367},
pages={1094--1105},
year={2016},
publisher={Elsevier}
}


